@misc{nate_silver,
  author = {Nate Silver},
  title = {When 15th Is Better Than 8th: The Math Shows the Bracket Is Backward},
  year = {2011},
  url = {fivethirtyeight.com/features/when-15th-is-better-than-8th-the-math-shows-the-bracket-is-backward}
}
@book{stochastic,
  title={The method of paired comparisons},
  author={David, H.A.},
  _volume={12},
  year={1963},
  publisher={London}
}
@article{define_ordered,
  author          = {F. R. K. Chung and F. K. Hwang},
  journal         = {Journal of the American Statistical Association},
  _number          = {363},
  title           = {Do Stronger Players Win More Knockout Tournaments?},
  _volume          = {73},
  year            = {1978}
}
@phdthesis{montana,
    title    = {The Combinatorial Theory of Single-Elimination Tournaments},
    school   = {Montana State University},
    author   = {Edwards, Christopher},
    year     = {1991},
}
@article{four_eight_ordered,
  title={Comparing draws for single elimination tournaments},
  author={Horen, Jeff and Riezman, Raymond},
  journal={Operations Research},
  _volume={33},
  year={1985},
  _number={2},
}
@misc{ultimate,
  author = {Eric Simon},
  title = {The UPA Manual of Championship Series Tournament Formats},
  year = {2008},
  url = {https://usaultimate.org/wp-content/uploads/2020/11/USAU_TournamentFormats.pdf}
}
@article{reseeding,
  author          = {F. K. Hwang},
  journal         = {The American Mathematical Monthly},
  _number          = {4},
  title           = {New Concepts in Seeding Knockout Tournaments},
  _volume          = {89},
  year            = {1982}
}
@article{four_five_swap,
  journal = {The Journal of the Operational Research Society},
  _volume = {48},
  _number = {1},
  year = {1997},
  title = {Efficacy of Traditional Sport Tournament Structures},
  author = {McGarry, T. and Schutz, R. W.},
}
@article{reseeding_issues,
  journal = {Journal of Quantitative Analysis in Sports},
  _volume = {6},
  _number = {4},
  year = {2010},
  title = {Anomalies in Tournament Design: The Madness of March Madness},
  author = {Robert Baumann and Victor Matheson and Cara Howe}
}
@article{randomized_cohort,
  author = {Allen J. Schwenk},
  title = {What Is the Correct Way to Seed a Knockout Tournament?},
  journal = {The American Mathematical Monthly},
  _volume = {107},
  _number = {2},
  year = {2000},
}
@article{seventeen_team,
 author = {Robert B. Israel},
 journal = {Journal of the American Statistical Association},
 _number = {376},
 title = {Stronger Players Need not Win More Knockout Tournaments},
 _volume = {76},
 year = {1981}
}
@article{totally_random_balanced,
  author          = {Robert Chen and F. K. Hwang},
  journal         = {Graphs and Combinatorics },
  _number          = {},
  title           = {Stronger players win more balanced knockout tournaments},
  _volume          = {4},
  year            = {1988}
}
@misc{recharge_rounds,
  author = {Dan Dabney},
  title = {Fairness and Recharge Rounds},
  year = {2017},
  url = {tourneygeek.com/2017/05/22/fairness-and-recharge-rounds}
}
@misc{shifted,
  author = {Dan Dabney},
  title = {Building a Better Bracket},
  year = {2017},
  url = {tourneygeek.com/2017/01/27/building-a-better-bracket/}
}









@misc{super,
  author ={Lauren Pabst, Nielsen},
  title = {Super Bowl LVIII Draws 123.7 Million Average Viewers, Largest TV Audience on Record},
  year = 2024,
  url = {www.nielsen.com/news-center/2024/super-bowl-lviii-draws-123-7-million-average-viewers-largest-tv-audience-on-record/}
}
@misc{geek,
  author = {Dan Dabney},
  title = {Building a Better Bracket},
  year = {2017},
  url = {tourneygeek.com/2017/02/15/a-guide-to-tourneygeek/}
}
@book{knuth,
  title={The Art of Computer Programming},
  author={Donald Knuth},
  year={1998},
  publisher={Addison Wesley Longwood}
}
@article{thurstone,
  journal = {Psychological review},
  year = {1927},
  title = {A law of comparative judgment},
  author = {Thurstone, L. L},
}
@article{maurer,
  journal = {The Annals of statistics},
  year = {1975},
  title = {On Most Effective Tournament Plans With Fewer Games than Competitors},
  author = {Maurer, Willi},
}
@book{dodgeson,
  publisher = {Macmillan and co.},
  year = {1883},
  title = {Lawn tennis tournaments. The true method of assigning prizes with a proof of the fallacy of the present method},
  author = {Carroll, Lewis},
}
@misc{pat,
  author = {P.M. Armstrong, R.J. Nelson, D.J. O'Connor},
  number = {US3029413A},
  year = {1957},
  title = {Sorting system with nu-line sorting switch},
}